%
% Copyright (c) Meta Platforms, Inc. and affiliates.
%
% This source code is licensed under the MIT license found in the LICENSE file
% in the root directory of this source tree. 
%

@article{banaszczyk,
  author = {William Banaszczyk},
  title = {New bounds in some transference theorems
           in the geometry of numbers},
  journal = {Math. Ann.},
  volume = {296},
  year = {1993},
  pages = {625--635}
}

@article{blas,
  author = {L. Susan Blackford and James Demmel and Jack Dongarra
            and Iain Duff and Sven Hammarling and Greg Henry
            and Michael Heroux and Linda Kaufman and Andrew Lumsdaine
            and Antoine Petitet and Roldan Pozo and Karin Remington
            and R. Clint Whaley},
  title = {An updated set of basic linear algebra subprograms ({BLAS})},
  journal = {ACM Trans. Math. Softw.},
  volume = {28},
  number = {2},
  month = {June},
  pages = {135--151},
  year = {2002}
}

@book{bremner,
  author = {Murray R. Bremner},
  title = {Lattice Basis Reduction: An Introduction to the LLL Algorithm
           and Its Applications},
  publisher = {Chapman \& Hall, CRC Press},
  year = {2012},
  series = {Pure and Applied Mathematics}
}

@book{cassels,
  author = {John William Scott Cassels},
  title = {An Introduction to the Geometry of Numbers},
  publisher = {Springer},
  year = {1997},
  series = {Classics in Mathematics}
}

@book{cormen-leiserson-rivest-stein,
  author = {Thomas H. Cormen and Charles E. Leiserson and Ronald L. Rivest
            and Clifford Stein},
  title = {Introduction to Algorithms},
  edition = {3rd},
  year = {2009},
  publisher = {MIT Press}
}

@article{fontein-schneider-wagner,
  author = {Felix Fontein and Michael Schneider and Urs Wagner},
  title = {Pot{LLL}: a polynomial time version of {LLL} with deep insertions},
  journal = {Des. Codes Cryptogr.},
  volume = {73},
  pages = {355--368},
  year = {2014}
}

@book{knuth,
  author = {Donald E. Knuth},
  title = {Art of Computer Programming},
  edition = {3rd},
  volume = {2: Seminumerical Algorithms},
  year = {1998},
  publisher = {Addison-Wesley}
}

@article{lawson-hanson-kincaid-krogh,
  author = {Charles L. Lawson and Richard J. Hanson and David Kincaid
            and Fred T. Krogh},
  title = {Basic linear algebra subprograms for {FORTRAN} usage},
  journal = {ACM Trans. Math. Softw.},
  volume = {5},
  number = {3},
  month = {September},
  pages = {308--323},
  year = {1979}
}

@article{lenstra-lenstra-lovasz,
  author = {Arjen K. Lenstra and Hendrik W. Lenstra and L\'aszl\'o Lov\'asz},
  title = {Factoring polynomials with rational coefficients},
  journal = {Math. Ann.},
  volume = {261},
  number = {4},
  pages = {515--534},
  year = {1982}
}

@article{leon-bjorck-gander,
  author = {Steven J. Leon and \AA{}ke Bj\"orck and Walter Gander},
  title = {{G}ram-{S}chmidt orthogonalization: 100 years and more},
  journal = {Numer. Lin. Algebra Appl.},
  volume = {20},
  number = {3},
  month = {May},
  pages = {492--532},
  year = {2013}
}

@techreport{li-sotakova-wenger-allen-zhu-charton-lauter,
  author = {Cathy Yuanchen Li and Jana Sot\'akov\'a and Emily Wenger
            and Zeyuan Allen-Zhu and Fran\ccois Charton and Kristin Lauter},
  title = {{SALSA} {VERDE}: a machine learning attack on learning with errors
           with sparse small secrets},
  institution = {Cryptology ePrint Archive},
  year = {2023},
  number = {968},
  publisher = {International Association for Cryptologic Research},
  url = {https://eprint.iacr.org/2023/968}
}

@book{nguyen-vallee,
  editor = {Phong Q. Nguyen and Brigitte Vall\'ee},
  title = {The LLL Algorithm: Survey and Applications},
  publisher = {Springer},
  year = {2010},
  series = {Information Security and Cryptography}
}

@article{peikart,
  author = {Chris Peikart},
  title = {A decade of lattice cryptography},
  journal = {Found. Trends Theor. Comput. Sci.},
  volume = {10},
  number = {4},
  pages = {283--424},
  year = {2016}
}

@article{regev,
  author = {Oded Regev},
  title = {On lattices, learning with errors, random linear codes,
           and cryptography},
  journal = {J. ACM},
  volume = {56},
  number = {6},
  pages = {1--40},
  year = {2009}
}

@article{schnorr-euchner,
  author = {Claus P. Schnorr and Martin Euchner},
  title = {Lattice basis reduction: improved practical algorithms
           and solving subset sum problems},
  journal = {Math. Program.},
  volume = {66},
  pages = {181--199},
  year = {1994}
}

@incollection{stehle,
  author = {Damien Stehl\'e},
  editor = {Phong Q. Nguyen and Brigitte Vall\'ee},
  title = {Floating-point {LLL}: theoretical and practical aspects},
  booktitle = {The LLL Algorithm: Survey and Applications},
  publisher = {Springer},
  year = {2010},
  pages = {179--213}
}

@article{yasuda-yamaguchi,
  author = {Masaya Yasuda and Junpei Yamaguchi},
  title = {A new polynomial-time variant of {LLL} with deep insertions
           for decreasing the squared-sum of {G}ram-{S}chmidt lengths},
  journal = {Des. Codes Cryptogr.},
  volume = {87},
  pages = {2489--2505},
  year = {2019}
}
